<?xml version="1.0" encoding="UTF-8"?><record xmlns="http://www.loc.gov/MARC21/slim" xmlns:cinclude="http://apache.org/cocoon/include/1.0" xmlns:zs="http://www.loc.gov/zing/srw/">
  <leader>00734cz  a2200169n  4500</leader>
  <controlfield tag="001">no2010177285</controlfield>
  <controlfield tag="003">DLC</controlfield>
  <controlfield tag="005">20101204075400.0</controlfield>
  <controlfield tag="008">101101n| acannaabn          |b ana      </controlfield>
  <datafield tag="010" ind1=" " ind2=" ">
    <subfield code="a">no2010177285</subfield>
  </datafield>
  <datafield tag="035" ind1=" " ind2=" ">
    <subfield code="a">(OCoLC)oca08674304</subfield>
  </datafield>
  <datafield tag="040" ind1=" " ind2=" ">
    <subfield code="a">DLC-S</subfield>
    <subfield code="b">eng</subfield>
    <subfield code="c">DLC-S</subfield>
    <subfield code="d">DLC-S</subfield>
  </datafield>
  <datafield tag="110" ind1="2" ind2=" ">
    <subfield code="a">Tōkyō Daigaku.</subfield>
    <subfield code="b">Rō Rebyū Henshū Iinkai</subfield>
  </datafield>
  <datafield tag="410" ind1="2" ind2=" ">
    <subfield code="a">Tōkyō Daigaku.</subfield>
    <subfield code="b">Hōka Daigakuin.</subfield>
    <subfield code="b">Rō Rebyū Henshū Iinkai</subfield>
  </datafield>
  <datafield tag="410" ind1="2" ind2=" ">
    <subfield code="a">東京大学.</subfield>
    <subfield code="b">ローレビュー編集委員会</subfield>
  </datafield>
  <datafield tag="667" ind1=" " ind2=" ">
    <subfield code="a">Non-Latin script references not evaluated</subfield>
  </datafield>
  <datafield tag="670" ind1=" " ind2=" ">
    <subfield code="a">Tōkyō Daigaku Hōka Daigakuin rō rebyū, 2006:</subfield>
    <subfield code="b">cover (Tōkyō Daigaku Hōka Daigakuin Rō Rebyū Henshū Iinkai = 東京大学法科大学院ローレビュー編集委員会 )</subfield>
  </datafield>
</record>